=001  9915446951707426
=005  20240624183252.0
=008  001031d19171942wiumr\p\\\\\\f0\\\\0eng\d
=016  7\$aCAT11087129$2DNAL
=035  \\$a858167
=035  \\$a(OCoLC)467375441
=035  \\$a(DNAL)858167-naldb-Voyager
=040  \\$aMIN$beng$cMIN$dOCLCQ$dAGL$dOCLCF$dOCLCO$dOCLCQ$dAGM$dOCLCO
=043  \\$an-us---
=049  \\$aAGLL
=070  0\$a1.9$bF76W
=245  00$aService bulletin /$cForest Service, U.S. Dept. of Agriculture.
=246  1\$iNov. 15, 1917-Dec. 27, 1920 have title:$aWeekly bulletin
=246  1\$iTitle varies, v. 25, no. 16- Aug. 1941-:$aForest service bulletin
=260  \\$aWashington, D.C. :$bForest Service, U.S. Dept. of Agriculture,$c-1942.
=300  \\$avolumes ;$c27 cm
=310  \\$aMonthly,$b1942
=336  \\$atext$btxt$2rdacontent
=337  \\$aunmediated$bn$2rdamedia
=338  \\$avolume$bnc$2rdacarrier
=362  0\$aNo. 1 (Nov. 15, 1917)-v. 26, no. 4 (Apr. 1942).
=588  0\$aVol. 17, no. 3 (June 19, 1933); title from caption.
=591  \\$bNAL Reclamation
=593  \\$fAgricola CAT
=610  10$aUnited States.$bForest Service$vPeriodicals.
=610  17$aUnited States.$bForest Service$2fast$0(OCoLC)fst00532793
=650  \0$aForests and forestry$zUnited States$vPeriodicals.
=650  \0$aForest policy$zUnited States$vPeriodicals.
=650  \0$aForest management$zUnited States$vPeriodicals.
=650  \3$aforest management.
=651  \3$aUnited States.
=651  \7$aUnited States.$2fast$0(OCoLC)fst01204155
=655  \3$aInternet resource.
=655  \7$aPeriodicals.$2fast$0(OCoLC)fst01411641
=710  1\$aUnited States.$bForest Service.$0http://id.loc.gov/authorities/names/n79054932
=856  41$uhttps://archive.org/details/usda-usforestservicebulletin
=912  \\$analcatalog
=930  \\$a20170209$b20170301$c00000000
=939  \\$a20140501$b20140502$c00000000
=945  \\$aDigiMet
=945  \\$p88
=945  \\$vpt.1
=945  \\$aDigiMet
=945  \\$p630
=945  \\$vpt.2
=945  \\$aDigiMet
=945  \\$vpt. 3
=945  \\$p524
=945  \\$aDigiMet
=945  \\$vpt. 4
=945  \\$p726
=945  \\$aDigiMet
=945  \\$vpt. 5
=945  \\$p552
=945  \\$aDigiMet
=945  \\$vpt. 6
=945  \\$p398
=945  \\$aDigiMet
=945  \\$vpt. 7
=945  \\$p422
=945  \\$aDigiMet
=945  \\$vpt. 8
=945  \\$p458
=945  \\$aDigiMet
=945  \\$vpt. 9
=945  \\$p516
=945  \\$aDigiMet
=945  \\$vpt. 10
=945  \\$p514
=945  \\$aDigiMet
=945  \\$vpt. 11
=945  \\$p420
=945  \\$aDigiMet
=945  \\$vpt. 12
=945  \\$p436
=945  \\$aDigiMet
=945  \\$vpt. 13
=945  \\$p402
=945  \\$aDigiMet
=945  \\$vpt. 14
=945  \\$p446
=945  \\$aDigiMet
=945  \\$vpt. 15
=945  \\$p456
=945  \\$aDigiMet
=945  \\$vpt. 16
=945  \\$p348
=945  \\$aDigiMet
=945  \\$vpt. 17
=945  \\$p224
=945  \\$aDigiMet
=945  \\$vpt. 18
=945  \\$p222
=945  \\$aDigiMet
=945  \\$vpt. 19
=945  \\$p222
=945  \\$aDigiMet
=945  \\$vpt. 20
=945  \\$p224
=945  \\$aDigiMet
=945  \\$vpt. 21
=945  \\$p202
=945  \\$aDigiMet
=945  \\$vpt. 22
=945  \\$p240
=945  \\$aDigiMet
=945  \\$vpt. 23
=945  \\$p276
=945  \\$aDigiMet
=945  \\$vpt. 24
=945  \\$p322
=945  \\$aDigiMet
=945  \\$vpt. 25
=945  \\$p296
=945  \\$aDigiMet
=945  \\$vpt. 26
=945  \\$p96
=945  \\$aDigiMet
=945  \\$vpt. 27
=945  \\$p78
=946  \\$aUSDA
=959  \\$c2014-05-01$ergallett$gupgrade
=994  \\$a92$bAGL

